@misc{RNBO,
    author = "{Cycling '74}",
    title = "Exporting to the Audio Plugin Target",
    howpublished = "\url{https://rnbo.cycling74.com/learn/audio-plugin-target-export-overview}",
    organization = "Cycling '74 RNBO Documentation"
}

@misc{MaxMSPBiquad,
    author = "{Cycling '74}",
    title = "{Max/MSP Reference for the \texttt{biquad\textasciitilde} Object}",
    howpublished = "\url{https://docs.cycling74.com/max8/refpages/biquad~}",
    organization = "Cycling '74 MaxMSP Documentation"
}

@misc{Smith, title={The BIQUAD section}, url={https://ccrma.stanford.edu/~jos/filters/BiQuad_Section.html}, journal={CCRMA}, publisher={CCRMA}, author={Smith, Julius Orion}}

@misc{SmithDiff, title={Difference Equation}, url={https://ccrma.stanford.edu/~jos/filters/BiQuad_Section.html}, journal={CCRMA}, publisher={CCRMA}, author={Smith, Julius Orion}}

@misc{W3, title={Biquad Filter Formulae}, url={https://www.w3.org/TR/audio-eq-cookbook/}, journal={W3C}, publisher={W3}, author={Toy, Raymond}, year={2021}, month={Jun}}

@article{Jackson,
    author = "L. B. Jackson",
    title = "On the Interaction of Roundoff Noise and Dynamic Range in Digital Filters",
    journal = "Bell System Technical Journal",
    volume = "49",
    year = "1970",
    month = feb,
    note = "Reprinted in Digital Signal Processing, L. R. Rabiner and C. M. Rader, Eds. (IEEE Press, New York, 1972)"
}